@inproceedings{JeffDean2012,
  title={Large Scale Distributed Deep Networks.},
  author={Dean, Jeffrey and Corrado, Greg and Monga, Rajat and Chen, Kai and Devin, Matthieu and Le, Quoc V and Mao, Mark Z and Marc'Aurelio Ranzato and Senior, Andrew W and Tucker, Paul A and others},
  booktitle={NIPS},
  pages={1232--1240},
  year={2012}
}

@inproceedings{Coates2013,
  author    = {Adam Coates and
               Brody Huval and
               Tao Wang and
               David J. Wu and
               Bryan C. Catanzaro and
               Andrew Y. Ng},
  title     = {Deep learning with {COTS} {HPC} systems},
  booktitle = {Proceedings of the 30th International Conference on Machine Learning,
               {ICML} 2013, Atlanta, GA, USA, 16-21 June 2013},
  pages     = {1337--1345},
  year      = {2013},
}

@article{Hannun2014,
  author    = {Awni Y. Hannun and
               Carl Case and
               Jared Casper and
               Bryan C. Catanzaro and
               Greg Diamos and
               Erich Elsen and
               Ryan Prenger and
               Sanjeev Satheesh and
               Shubho Sengupta and
               Adam Coates and
               Andrew Y. Ng},
  title     = {Deep Speech: Scaling up end-to-end speech recognition},
  journal   = {CoRR},
  volume    = {abs/1412.5567},
  year      = {2014},
  url       = {http://arxiv.org/abs/1412.5567},
  timestamp = {Thu, 01 Jan 2015 19:51:08 +0100},
  biburl    = {http://dblp.uni-trier.de/rec/bib/journals/corr/HannunCCCDEPSSCN14},
  bibsource = {dblp computer science bibliography, http://dblp.org}
}

@article{ILSVRC15,
  Author = {Olga Russakovsky and Jia Deng and Hao Su and Jonathan Krause and Sanjeev Satheesh and Sean Ma and Zhiheng Huang and Andrej Karpathy and Aditya Khosla and Michael Bernstein and Alexander C. Berg and Li Fei-Fei},
  Title = {{ImageNet Large Scale Visual Recognition Challenge}},
  Year = {2015},
  journal   = {International Journal of Computer Vision (IJCV)},
  doi = {10.1007/s11263-015-0816-y},
  pages={1-42},
  month={April}
}

@ARTICLE{Deng2012, 
  author={Li Deng}, 
  journal={Signal Processing Magazine, IEEE}, 
  title={{The MNIST Database of Handwritten Digit Images for Machine Learning Research [Best of the Web]}}, 
  year={2012}, 
  volume={29}, 
  number={6}, 
  pages={141-142}, 
  doi={10.1109/MSP.2012.2211477}, 
  ISSN={1053-5888}, 
  month={Nov}
}

@misc{MNIST,
  author = {Yann LeCun and Corinna Cortes and Christopher Burges},
  title = {THE MNIST DATABASE of handwritten digits},
  year = {2015},
  howpublished = { \url{http://yann.lecun.com/exdb/mnist/} }
}

@TECHREPORT{CIFAR10,
    author = {Alex Krizhevsky},
    title = {Learning multiple layers of features from tiny images},
    institution = {University of Toronto},
    url = {http://www.cs.toronto.edu/~kriz/cifar.html},
    year = {2009}
}

@misc{protocol-buffer,
  author = {Google},
  title = {Protocol Buffers},
  year = {2015},
  howpublished = { \url{https://developers.google.com/protocol-buffers/} }
}

@article{Caffe,
  Author = {Jia, Yangqing and Shelhamer, Evan and Donahue, Jeff and Karayev, Sergey and Long, Jonathan and Girshick, Ross and Guadarrama, Sergio and Darrell, Trevor},
  Journal = {arXiv preprint arXiv:1408.5093},
  Title = {Caffe: Convolutional Architecture for Fast Feature Embedding},
  Year = {2014}
}

@misc{cuDNN,
  author = {NVidia},
  title = { {NVIDIA cuDNN - GPU Accelerated Deep Learning} },
  year = {2015},
  howpublished = { \url{https://developer.nvidia.com/cudnn} }
}

@MISC{Theano,
  author = {Bastien, Fr{\'{e}}d{\'{e}}ric and Lamblin, Pascal and Pascanu, Razvan and Bergstra, James and Goodfellow, Ian J. and Bergeron, Arnaud and Bouchard, Nicolas and Bengio, Yoshua},
  title = {Theano: new features and speed improvements},
  year = {2012},
  howpublished = {Deep Learning and Unsupervised Feature Learning NIPS 2012 Workshop},
}

@misc{torch7,
  title = {Torch},
  year = {2015},
  howpublished = { \url{http://torch.ch/} }
}

@INPROCEEDINGS {Torch,
title = {Torch7: A Matlab-like Environment for Machine Learning},
author = {Collobert, Ronan and Kavukcuoglu, Koray and Farabet, Cl{\'{e}}ment},
booktitle = {BigLearn, NIPS Workshop},
year = {2011},
url = {https://publidiap.idiap.ch/downloads//papers/2011/Collobert_NIPSWORKSHOP_2011.pdf},
}

@MISC{cuBLAS,
  author = {NVidia},
  title = { {cuBLAS}},
  year = {2015},
  howpublished = { \url{https://developer.nvidia.com/cuBLAS} }
}